<?xml version="1.0" encoding="UTF-8"?><collection xmlns="http://www.loc.gov/MARC21/slim"><record><leader>00569nam--2200157-i-4500</leader><controlfield tag="001">000010362</controlfield><controlfield tag="002">20161230</controlfield><controlfield tag="005">20170210205711</controlfield><controlfield tag="008">060222s1000------------r-----000-0-eng-d</controlfield><datafield ind1=" " ind2=" " tag="245"><subfield code="a">Organic solid state chemistry - 2. plenary lectures presented at the 2nd international symposium on organic solid state chemistry, held in Rehovot, Israel, 14-18 Sept.1970</subfield></datafield><datafield ind1=" " ind2=" " tag="260"><subfield code="a">London</subfield><subfield code="b">Butterworths</subfield><subfield code="c">1971</subfield></datafield><datafield ind1=" " ind2=" " tag="300"><subfield code="a">526 p</subfield></datafield><datafield ind1=" " ind2=" " tag="490"><subfield code="a">International Union Of Pure And Applied Chemistry</subfield></datafield><datafield ind1=" " ind2=" " tag="700"><subfield code="a">Cohen, M. D</subfield></datafield><datafield ind1=" " ind2=" " tag="852"><subfield code="a">061.3:547:541.1-16</subfield></datafield><datafield ind1=" " ind2=" " tag="CAT"><subfield code="a">SYS</subfield><subfield code="c">20170210</subfield><subfield code="h">205711</subfield></datafield></record></collection>